% This file was created with JabRef 2.10.
% Encoding: Cp1252


@Article{glover,
  Title                    = {Improved linear integer programming formulations of nonlinear integer problems},
  Author                   = {Fred Glover},
  Journal                  = {Management Science},
  Year                     = {1975},
  Volume                   = {22},

  Owner                    = {root},
  Timestamp                = {2015.06.04}
}

@Article{bandmax,
  Title                    = {Bandwidth maximization using vehicle arrival functions},
  Author                   = {Gabriel Gomes},
  Journal                  = {IEEE Transactions on Intelligent Transportation Systems},
  Year                     = {2015},
  Volume                   = {16},

  Owner                    = {Marc},
  Timestamp                = {2015.03.31}
}

@Article{1964,
  Title                    = {Synchronizing traffic signals for maximal bandwidth},
  Author                   = {J. Morgan and J Little},
  Journal                  = {Operations Research},
  Year                     = {1964},
  Pages                    = {896-912},
  Volume                   = {12},

  Owner                    = {marc},
  Timestamp                = {2015.06.18}
}

