
@ARTICLE{Abbas2001,
	author = {Montasir Abbas and Darcy Bullock and Larry Head},
	title = {Real-time offset transitioning algorithm for coordinating traffic signals},
	journal = {Transportation Research Record},
	year = {2001},
	volume = {1748},
	pages = {26-39}
}

@ARTICLE{DayBullock2011,
	author = {Christopher Day and Darcy Bullock},
	title = {Computational efficiency of alternative algorithms for arterial offset optimization},
	journal = {Transportation Research Record},
	year = {2011},
	volume = {2259},
	pages = {37-47}
}

@ARTICLE{Gettman2007,
	author = {Douglas Gettman and Steven Shelby and Larry Head and Darcy Bullock and Nils Soyke},
	title = {Data-driven algorithms for real-time adaptive tuning of offsets in coordinated traffic signal systems},
	journal = {Transportation Research Record},
	year = {2007},
	volume = {2035},
	pages = {1-9}
}

@REPORT{Liu2013,
	author = {Henry Liu and Heng Hu},
	title = {{SMART}-{S}ignal phase {II}: Arterial offset optimization using archived high-resolution traffic signal data},
	institution = {Intelligent Transportation Systems Institute, Center for Transportation Studies, University of Minnesota},
	date = {2013}
}

@ARTICLE{GracePotts,
  author = {M. Grace and R. Potts},
  title = {A theory of the diffusion of traffic platoons},
  journal = {Operation Research},
  year = {1964},
  volume = {12},
  pages = {255â€“275}
}

@ARTICLE{Park1999,
  author = {Byungkyu Park and Carroll Messer and Thomas Urbanik},
  title = {Traffic signal optimization program for oversaturated conditions: genetic algorithm approach},
  journal = {Transportation Research Board},
  year = {1999},
  pages = {133-142}
}

@ARTICLE{TsayLin,
  author = {Huel-Sheng Tsay and  Liang-Tay Lin},
  title = {A new algorithm for solving the maximum progression bandwidth},
  journal = {Transportation Research Record},
  year = {1988},
  volume = {1194},
  pages = {15-30}
}

@ARTICLE{Lin,
  author = {Liang-Tay Lin and Li-Wei Tung and Hsin-Chuan Ku},
  title = {Synchronized Signal Control Model for Maximizing Progression along an Arterial},
  journal = {Journal of Transportation Engineering},
  year = {2010},
  volume = {136},
  pages = {727-735}
}

@ARTICLE{Gartner,
  author = {Nathan Gartner and J Little and H Gabbay},
  title = {Simultaneous optimization of offsets, splits, and cycle time},
  journal = {Transportation Reesearch Record},
  year = {1976},
  volume = {596},
  pages = {6-15}
}

@ARTICLE{Skabardonis,
  author = {Alex Skabardonis and Adolf May},
  title = {Comparative analysis of computer models for arterial signal timing},
  journal = {Transportaion Research Record},
  year = {1985},
  volume = {1021},
  pages = {45-52}
}

@MANUAL{FHWA-STM,
  TITLE =        {Signal Timing Manual},
  author = {FHWA},
  organization = {Publication number FHWA-HOP-08-024},
  year =         {2008}
}

@MISC{youtube_seeinggreen,
author = {{Film produced by Jam Handy Organization and sponsored by the General Motors Corporation}},
title = {``{S}eeing {G}reen''},
year = {1937},
howpublished={\url{http://archive.org/details/SeeingGr1937}}
}

@ARTICLE{Bleyl1967,
  author = {Robert Bleyl},
  title = {A practical computer program for designing traffic-signal-system timing plans},
  journal = {Highway Research Record},
  year = {1967},
  volume = {211},
  pages = {19-33}
}

@ARTICLE{Day2011,
  author = {Christopher Day and Darcy Bullock},
  title = {Computational efficiency of alternative arterial offset optimization algorithms},
  journal = {Transportation Research Board Annual Meeting},
  year = {2011}
}

@ARTICLE{Carreira2000,
  author = {Miguel {Carreira-Perpi\~{n}\'{a}n}},
  title = {Mode-finding for mixtures of Gaussian distributions},
  journal = {IEEE Transactions on Pattern Analysis and Machine Intelligence},
  year = {2000},
  volume = {22},
  number = {11},
  keywords = {optimization},
  owner = {gomes},
  timestamp = {2012.01.13}
}

@ARTICLE{Morgan1964,
  author = {John Morgan and John Little},
  title = {Synchronizing traffic signals for maximial bandwidth},
  journal = {Operations Research},
  year = {1964},
  volume = {12},
  pages = {896-912}
}

@ARTICLE{Papola1992,
  author = {Natale Papola},
  title = {Bandwidth maximization: {S}plit and unsplit solutions},
  journal = {Transportation Research Part B},
  year = {1992},
  volume = {26}
}

@ARTICLE{Papola1998,
  author = {Natale Papola and Gaetano Fusco},
  title = {Maximal bandwidth problems: {A} new algorithm based on the properties of periodicity of the system},
  journal = {Transportation Research Part B},
  year = {1998},
  volume = {32},
  pages = {277-288}
}
@ARTICLE{Little1981,
  author = {John Little and Mark Kelson and Nathan Gartner},
  title = {{MAXBAND}: {A} program for setting signals on arteries and triangular networks},
  journal = {Transportation Research Record},
  year = {1981},
  volume = {795}
}

@ARTICLE{Little1965,
  author = {John Little},
  title = {The synchronization of traffic signals by mixed-integer linear programming},
  journal = {Operations Research},
  year = {1965},
  volume = {14},
  number = {4}
}

@ARTICLE{Cohena1983,
  author = {Stephen Cohen},
  title = {Concurrent use of {MAXBAND} and {TRANSYT} signal timing programs for arterial signal optimization},
  journal = {Transportation Research Record},
  year = {1983},
  volume = {906}
}

@ARTICLE{Gartner1991,
  author = {Nathan Gartner and Susan Assman and Fernando Lasaga and Dennis Hou},
  title = {A multi-band approach to arterial traffic signal optimization},
  journal = {Transporation Research Part B},
  year = {1991},
  volume = {25},
  pages = {55-74}
}

@ARTICLE{Stamatiadis1996,
  author = {Chronis Stamatiadis and Nathan Gartner},
  title = {Multiband-96: {A} program for variable-bandwidth progression optimization of multiarterial traffic networks},
  journal = {Transportation Research Record},
  year = {1996},
  volume = {1554}
}

@ARTICLE{Lu2008,
  author = {Shoufeng Lu and Ximin Liu and Shiqiang Dai},
  title = {Revised multiband model for bandwidth optimization of traffic flow dispersion},
  journal = {Proceedings of the 2008 IEEE Internation Conference on Information and Automation},
  year = {2008}
}

@ARTICLE{Messer1973,
  author = {Carroll Messer and Robert Whitson and Conrad Dudek and Elio Romano},
  title = {A variable-sequence multiphase progression optimization program},
  journal = {Highway Research Record},
  volume = {445},
  year = {1973}
}

@ARTICLE{Chang1986,
  author = {Edmond Chang and Carroll Messer and Stephen Cohen},
  title = {Directional weighting for maximal bandwidth arterial signal optimization programs},
  journal = {Transportation Research Record},
  year = {1986},
  volume = {1057}
}

@ARTICLE{Chaudhary1993,
  author = {Nadeem Chaudhary and Carroll Messer},
  title = {Passer {IV}: A program for optimizaing signal timing in grid networks},
  journal = {Transportation Research Record},
  volume = {1421},
  year = {1993}
}

@ARTICLE{Wallace1982,
  author = {Charles Wallace and Kenneth Courage},
  title = {Arterial progression: {N}ew design approach},
  journal = {Transporation Research Record},
  year = {1982},
  volume = {881}
}

@ARTICLE{Tian2008,
  author = {Zong Tian and Varun Mangal and Hongchao Liu},
  title = {Effectiveness of lead-lag phasing on progression bandwidth},
  year = {2008},
  journal = {Transportation Research Record},
  volume = {2080}
}


@ARTICLE{Lin2010,
  author = {Liang-Tay Lin and Li-Wei Tung and Hsin-Chuan Ku},
  title = {Synchronized signal control model for maximizing progression along an arterial},
  journal = {Journal of Transportation Engineering},
  year = {2010},
  volume = {136},
  number = {8}
}

@ARTICLE{Tian2007,
  author = {Zong Tian and Thomas Urbanik},
  title = {System partition technique to improve signal coordination and traffic progression},
  year = {2007},
  journal = {Journal of Transportation Engineering},
  volume = {133},
  number = {2}
}

@ARTICLE{Pillai1998,
  author = {Rekha Pillai and Ajay Rathi and Stephen Cohen},
  title = {A restricted branch-and-bound approach for generating maximum bandwidth signal timing plans for traffic networks},
  year = {1998},
  journal = {{Transportation Research Part B: Methodological.}},
  volume = {32},
  number = {8},
  pages = {517-529}
}

@ARTICLE{Gartner1976,
  author = {Nathan Gartner and John Little and Henry Gabbay},
  title = {Simultaneous optimization of offsets, splits, and cycle time},
  journal = {Transportation Research Record},
  volume = {596},
  year = {1976}
}
@ARTICLE{Gartner1975,
  author = {Nathan Gartner and John Little and Henry Gabbay},
  title = {Optimization of traffic signal settings by mixed-integer linear programming, {Part II}: The network synchronization problem},
  journal = {Transportation Science},
  year = {1975},
  volume = {9}
}

@ARTICLE{Gartner1972,
  author = {Nathan Gartner},
  title = {Optimal synchronization of traffic signal networks by dynamic programming},
  journal = {Taffic flow and transportation},
  year = {1972}
}

@ARTICLE{Gartner2002,
  author = {Nathan Gartner and Chronis Stamatiadis},
  title = {Arterial-based control of traffic flow in urban grid networks},
  journal = {Mathematical and Computer Modelling},
  year = {2002},
  volume = {35},
  pages = {657-671}
}
